@INPROCEEDINGS{ChrDal2012,
   author = {{Christensen-Dalsgaard}, J.},
    title = "{Kepler Asteroseismology of Red-giant Stars}",
booktitle = {Progress in Solar/Stellar Physics with Helio- and Asteroseismology},
     year = 2012,
   series = {Astronomical Society of the Pacific Conference Series},
   volume = 462,
archivePrefix = "arXiv",
   eprint = {1110.5012},
 primaryClass = "astro-ph.SR",
   editor = {{Shibahashi}, H. and {Takata}, M. and {Lynas-Gray}, A.~E.},
    month = sep,
    pages = {503},
   adsurl = {http://adsabs.harvard.edu/abs/2012ASPC..462..503C},
  adsnote = {Provided by the SAO/NASA Astrophysics Data System}
}
