@BOOK{Aer2010,
   author = {{Aerts}, C. and {Christensen-Dalsgaard}, J. and {Kurtz}, D.~W.},
    title = "{Asteroseismology}",
publisher = {Springer, Dordrecht}
     year = 2010,
   adsurl = {http://adsabs.harvard.edu/abs/2010aste.book.....A}
}

@ARTICLE{Dup2003,
   author = {{Dupret}, M.-A. and {De Ridder}, J. and {De Cat}, P. and {Aerts}, C. and 
	{Scuflaire}, R. and {Noels}, A. and {Thoul}, A.},
    title = "{A photometric mode identification method, including an improved non-adiabatic treatment of the atmosphere}",
  journal = {\aap},
     year = 2003,
    month = feb,
   volume = 398,
    pages = {677-685},
   adsurl = {http://adsabs.harvard.edu/abs/2003A%26A...398..677D}
}

@ARTICLE{Tak2006b,
   author = {{Takata}, M.},
    title = "{Analysis of Adiabatic Dipolar Oscillations of Stars}",
  journal = {\pasj},
     year = 2006,
    month = oct,
   volume = 58,
    pages = {893-908},
   adsurl = {http://adsabs.harvard.edu/abs/2006PASJ...58..893T}
}

@BOOK{Unn1989,
   author = {{Unno}, W. and {Osaki}, Y. and {Ando}, H. and {Saio}, H. and 
	{Shibahashi}, H.},
    title = "{Nonradial oscillations of stars}",
publisher = {University of Tokyo Press, Tokyo},
     year = 1989,
  edition = 2,
   adsurl = {http://adsabs.harvard.edu/abs/1989nos..book.....U}
}
