@book{Aerts:2010a,
	Author = {{Aerts}, C. and {Christensen-Dalsgaard}, J. and {Kurtz}, D.~W.},
	Title = {{Asteroseismology}},
	Publisher = {Springer, Dordrecht},
	Year = 2010}

@article{Dupret:2002aa,
	Author = {{Dupret}, M.-A. and {De Ridder}, J. and {Neuforge}, C. and {Aerts}, C. and {Scuflaire}, R.},
	Journal = {\aap},
	Month = apr,
	Pages = {563-571},
	Title = {{Influence of non-adiabatic temperature variations on line profile variations of slowly rotating beta Cep stars and SPBs. I. Non-adiabatic eigenfunctions in the atmosphere of a pulsating star}},
	Volume = 385,
	Year = 2002}

@article{Dupret:2003a,
	Author = {{Dupret}, M.-A. and {De Ridder}, J. and {De Cat}, P. and {Aerts}, C. and {Scuflaire}, R. and {Noels}, A. and {Thoul}, A.},
	Journal = {A\&A},
	Month = feb,
	Pages = {677-685},
	Title = {{A photometric mode identification method, including an improved non-adiabatic treatment of the atmosphere}},
	Volume = 398,
	Year = 2003}

@article{Dziembowski:1971a,
	Author = {{Dziembowski}, W.~A.},
	Journal = {Acta Ast.},
	Pages = {289-306},
	Title = {{Nonradial Oscillations of Evolved Stars. I. Quasiadiabatic Approximation}},
	Volume = 21,
	Year = 1971}

@article{Pesnell:1990a,
	Author = {{Pesnell}, W.~D.},
	Journal = {ApJ},
	Month = nov,
	Pages = {227-233},
	Title = {{Nonradial, nonadiabatic stellar pulsations}},
	Volume = 363,
	Year = 1990}

@article{Stellingwerf:1978a,
	Author = {{Stellingwerf}, R.~F.},
	Journal = {AJ},
	Month = oct,
	Pages = {1184-1189},
	Title = {{Helium ionization driving in Beta Cephei stars}},
	Volume = 83,
	Year = 1978}

@article{Sugimoto:1970a,
	Author = {{Sugimoto}, D.},
	Journal = {\apj},
	Month = feb,
	Pages = {619},
	Title = {{On the Numerical Stability of Computations of Stellar Evolution}},
	Volume = 159,
	Year = 1970}

@article{Takata:2006a,
	Author = {{Takata}, M.},
	Journal = {\pasj},
	Month = aug,
	Pages = {759-775},
	Title = {{First Integrals of Adiabatic Stellar Oscillations}},
	Volume = 58,
	Year = 2006}

@article{Takata:2006b,
	Author = {{Takata}, M.},
	Journal = {PASJ},
	Month = oct,
	Pages = {893-908},
	Title = {{Analysis of Adiabatic Dipolar Oscillations of Stars}},
	Volume = 58,
	Year = 2006}

@book{Unno:1989a,
	Author = {{Unno}, W. and {Osaki}, Y. and {Ando}, H. and {Saio}, H. and {Shibahashi}, H.},
	Title = {{Nonradial oscillations of stars}},
	Publisher = {University of Tokyo Press, Tokyo},
	Year = 1989}

@article{Wolf:2018a,
	Author = {{Wolf}, W.~M. and {Townsend}, R.~H.~D. and {Bildsten}, L.},
	Journal = {\apj},
	Month = mar,
	Pages = {127},
	Title = {{Nonradial Pulsations in Post-outburst Novae}},
	Volume = 855,
	Year = 2018}
